@article{johnson2021challenges,
  title={Challenges and Opportunities in Large-Scale Data Annotation for Machine Learning},
  author={Johnson, A. and White, B.},
  journal={Journal of AI Systems},
  volume={5},
  number={2},
  pages={112--125},
  year={2021},
  publisher={Springer}
}

@article{li2022annotation,
  title={Flexible Workflow Design for High-Quality Data Annotation},
  author={Li, X. and Kim, S.},
  journal={IEEE Transactions on Data Science},
  volume={7},
  number={3},
  pages={345--358},
  year={2022},
  publisher={IEEE}
}

@inproceedings{chen2020guideline,
  title={Impact of Annotation Guidelines on Dataset Consistency and Model Performance},
  author={Chen, H. and Wu, J.},
  booktitle={Proceedings of the International Conference on Machine Learning (ICML)},
  pages={1023--1032},
  year={2020}
}

@article{wang2019workflow,
  title={Optimizing Annotation Workflows for Efficiency and Accuracy},
  author={Wang, L. and Zhang, Y.},
  journal={AI Magazine},
  volume={40},
  number={4},
  pages={67--78},
  year={2019},
  publisher={AAAI Press}
}

@inproceedings{parker2022quality,
  title={Towards Robust Quality Control in Large-Scale Annotation Projects},
  author={Parker, R. and Smith, J.},
  booktitle={Proceedings of the Conference on Computer Vision and Pattern Recognition (CVPR)},
  pages={5678--5687},
  year={2022}
}

@article{smith2020dataquality,
  title={The Critical Role of Data Quality in Machine Learning Model Reliability},
  author={Smith, P. and Jones, M.},
  journal={Data Science Journal},
  volume={9},
  number={1},
  pages={45--58},
  year={2020},
  publisher={Elsevier}
}

@inproceedings{davies2023security,
  title={Enhancing Data Security and Access Control in Collaborative Annotation Platforms},
  author={Davies, L. and Brown, K.},
  booktitle={Proceedings of the ACM Conference on Data Security (ACMSec)},
  pages={234--243},
  year={2023}
}

@article{garcia2021scalability,
  title={Scalable Annotation Strategies for Big Data in AI Applications},
  author={Garcia, F. and Martinez, C.},
  journal={Big Data Research},
  volume={26},
  pages={100267},
  year={2021},
  publisher={Elsevier}
}

@article{brown2023synthetic,
  title={Addressing Bias and Consistency in Synthetic and LLM-Generated Data Annotation},
  author={Brown, E. and Green, A.},
  journal={AI Ethics},
  volume={3},
  number={4},
  pages={451--465},
  year={2023},
  publisher={Springer}
}

@inproceedings{miller2024cost,
  title={Cost-Benefit Analysis of High-Quality Data Annotation for AI Development},
  author={Miller, S. and Taylor, D.},
  booktitle={Proceedings of the AAAI Conference on Artificial Intelligence},
  pages={890--899},
  year={2024}
}